@Book{ggplot2,
    author = {Hadley Wickham},
    title = {ggplot2: Elegant Graphics for Data Analysis},
    publisher = {Springer-Verlag New York},
    year = {2016},
    isbn = {978-3-319-24277-4},
    url = {https://ggplot2.tidyverse.org},
  }

@Manual{dplyr,
    title = {dplyr: A Grammar of Data Manipulation},
    author = {Hadley Wickham and Romain François and Lionel Henry and Kirill Müller and Davis Vaughan},
    year = {2023},
    note = {R package version 1.1.4},
    url = {https://dplyr.tidyverse.org},
  }

@Manual{forcats,
    title = {forcats: Tools for Working with Categorical Variables (Factors)},
    author = {Hadley Wickham},
    year = {2023},
    note = {R package version 1.0.0},
    url = {https://forcats.tidyverse.org/},
  }

@Manual{patchwork,
    title = {patchwork: The Composer of Plots},
    author = {Thomas Lin Pedersen},
    year = {2025},
    note = {R package version 1.3.1},
    url = {https://CRAN.R-project.org/package=patchwork},
    doi = {10.32614/CRAN.package.patchwork},
  }

@incollection{wilkinson2011grammar,
  title={The grammar of graphics},
  author={Wilkinson, Leland},
  booktitle={Handbook of computational statistics: Concepts and methods},
  pages={375--414},
  year={2011},
  publisher={Springer}
}

@Book{plotly,
    author = {Carson Sievert},
    title = {Interactive Web-Based Data Visualization with R, plotly, and shiny},
    publisher = {Chapman and Hall/CRC},
    year = {2020},
    isbn = {9781138331457},
    url = {https://plotly-r.com},
  }

@Manual{gganimate,
    title = {gganimate: A Grammar of Animated Graphics},
    author = {Thomas Lin Pedersen and David Robinson},
    year = {2025},
    note = {R package version 1.0.10.9000, commit 40e64e15648ca33180db9a402f48506ef86bfa17},
    url = {https://github.com/dgrtwo/gganimate},
  }

@Manual{raster,
    title = {raster: Geographic Data Analysis and Modeling},
    author = {Robert J. Hijmans},
    year = {2025},
    note = {R package version 3.6-32},
    url = {https://CRAN.R-project.org/package=raster},
    doi = {10.32614/CRAN.package.raster},
  }

@Book{sf,
    author = {Edzer Pebesma and Roger Bivand},
    title = {{Spatial Data Science: With applications in R}},
    year = {2023},
    publisher = {{Chapman and Hall/CRC}},
    url = {https://r-spatial.org/book/},
    doi = {10.1201/9780429459016},
  }
  
  @Manual{extrafont,
    title = {extrafont: Tools for Using Fonts},
    author = {Winston Chang},
    year = {2023},
    note = {R package version 0.19},
    url = {https://CRAN.R-project.org/package=extrafont},
    doi = {10.32614/CRAN.package.extrafont},
  }